@article{JES_Sys_13_TeV,
   title={Jet energy scale measurements and their systematic uncertainties in proton-proton collisions at 
s=13 TeV
 with the ATLAS detector},
   volume={96},
   ISSN={2470-0029},
   url={http://dx.doi.org/10.1103/PhysRevD.96.072002},
   DOI={10.1103/physrevd.96.072002},
   number={7},
   journal={Physical Review D},
   publisher={American Physical Society (APS)},
   author={Aaboud, M. and Aad, G. and Abbott, B. and Abdallah, J. and Abdinov, O. and Abeloos, B. and Abidi, S. H. and AbouZeid, O. S. and Abraham, N. L. and Abramowicz, H. and et al.},
   year={2017}
}
@article{PFlow_Reco,
   title={Jet reconstruction and performance using particle flow with the ATLAS Detector},
   volume={77},
   ISSN={1434-6052},
   url={http://dx.doi.org/10.1140/epjc/s10052-017-5031-2},
   DOI={10.1140/epjc/s10052-017-5031-2},
   number={7},
   journal={The European Physical Journal C},
   publisher={Springer Science and Business Media LLC},
   author={Aaboud, M. and Aad, G. and Abbott, B. and Abdallah, J. and Abdinov, O. and Abeloos, B. and Abidi, S. H. and AbouZeid, O. S. and Abraham, N. L. and et al.},
   year={2017}
}

@article{Jet_pileUp,
   title={Charged-particle multiplicities in pp interactions at s = 900 GeV measured with the ATLAS detector at the LHC},
   volume={688},
   ISSN={0370-2693},
   url={http://dx.doi.org/10.1016/j.physletb.2010.03.064},
   DOI={10.1016/j.physletb.2010.03.064},
   number={1},
   journal={Physics Letters B},
   publisher={Elsevier BV},
   author={Aad, G. and Abat, E. and Abbott, B. and Abdallah, J. and Abdelalim, A.A. and Abdesselam, A. and Abdinov, O. and Abi, B. and Abolins, M. and Abramowicz, H. and et al.},
   year={2010},
   month={Apr},
   pages={21–42}
}

@article{Old_JES,
   title={Jet energy measurement with the ATLAS detector in proton-proton collisions at $\sqrt{\mathrm{s}
}=7\ \mathrm{TeV}$},
   volume={73},
   ISSN={1434-6052},
   url={http://dx.doi.org/10.1140/epjc/s10052-013-2304-2},
   DOI={10.1140/epjc/s10052-013-2304-2},
   number={3},
   journal={The European Physical Journal C},
   publisher={Springer Science and Business Media LLC},
   author={Aad, G. and Abbott, B. and Abdallah, J. and Abdelalim, A. A. and Abdesselam, A. and Abdinov, O. and Abi, B. and Abolins, M. and Abramowicz, H. and et al.},
   year={2013},
}
@article{Old_JES_Sys,
   title={Jet energy measurement and its systematic uncertainty in proton–proton collisions at $\sqrt{s}=7$ TeV with the ATLAS detector},
   volume={75},
   ISSN={1434-6052},
   url={http://dx.doi.org/10.1140/epjc/s10052-014-3190-y},
   DOI={10.1140/epjc/s10052-014-3190-y},
   number={1},
   journal={The European Physical Journal C},
   publisher={Springer Science and Business Media LLC},
   author={Aad, G. and Abajyan, T. and Abbott, B. and Abdallah, J. and Abdel Khalek, S. and Abdinov, O. and Aben, R. and Abi, B. and Abolins, M. and et al.},
   year={2015},
   month={Jan}
}
@article{PileUp_Sub,
   title={Pileup subtraction using jet areas},
   volume={659},
   ISSN={0370-2693},
   url={http://dx.doi.org/10.1016/j.physletb.2007.09.077},
   DOI={10.1016/j.physletb.2007.09.077},
   journal={Physics Letters B},
   publisher={Elsevier BV},
   author={Cacciari, Matteo and Salam, Gavin P.},
   year={2008},
   pages={119–126}
}
@techreport{Jet_Algo_Perf,
      author        = "Asquith, L and Brelier, B and Butterworth, J M and
                       Campanelli, M and Carli, T and Choudalakis, G and Delsart,
                       P A and De Cecco, S and Deviveiros, P O and D'Onofrio, M
                       and Eckweiler, S and Feng, E and Francavilla, P and
                       Grinstein, S and La~Plante, I and Huston, J and Ghodbane, N
                       and Lopez Mateos, D and Martin, B and Makovec, N and
                       Majewsky, S and Martinez, M and Miller, D W and Monk, J and
                       Perez, K and Roda, C and Robinson, J and Schwartzmann, A
                       and Spano, F and Terashi, K and Vives, F and Weber, P and
                       Zenz, S",
      title         = "{Performance of Jet Algorithms in the ATLAS Detector}",
      institution   = "CERN",
      address       = "Geneva",
      number        = "ATL-PHYS-INT-2010-129",
      year          = "2010",
      reportNumber  = "ATL-PHYS-INT-2010-129",
      url           = "https://cds.cern.ch/record/1311867",
}
@techreport{Tagging_2013,
      title         = "{Pile-up subtraction and suppression for jets in ATLAS}",
      institution   = "CERN",
      address       = "Geneva",
      number        = "ATLAS-CONF-2013-083",
      month         = "Aug",
      year          = "2013",
      reportNumber  = "ATLAS-CONF-2013-083",
      url           = "https://cds.cern.ch/record/1570994",
}
@techreport{Tagging_2014,
      title         = "{Tagging and suppression of pileup jets}",
      institution   = "CERN",
      address       = "Geneva",
      number        = "ATL-PHYS-PUB-2014-001",
      year          = "2014",
      reportNumber  = "ATL-PHYS-PUB-2014-001",
      url           = "https://cds.cern.ch/record/1643929",
}
@techreport{JVT_2014,
      title         = "{Tagging and suppression of pileup jets with the ATLAS
                       detector}",
      institution   = "CERN",
      address       = "Geneva",
      number        = "ATLAS-CONF-2014-018",
      month         = "May",
      year          = "2014",
      reportNumber  = "ATLAS-CONF-2014-018",
      url           = "https://cds.cern.ch/record/1700870",
}
@article{JVT_Perf,
   title={Performance of pile-up mitigation techniques for jets in  $pp$  collisions at  $\sqrt{s}=8$ TeV using the ATLAS detector},
   volume={76},
   ISSN={1434-6052},
   url={http://dx.doi.org/10.1140/epjc/s10052-016-4395-z},
   DOI={10.1140/epjc/s10052-016-4395-z},
   number={11},
   journal={The European Physical Journal C},
   publisher={Springer Science and Business Media LLC},
   author={Aad, G. and Abbott, B. and Abdallah, J. and Abdinov, O. and Aben, R. and Abolins, M. and AbouZeid, O. S. and Abramowicz, H. and Abreu, H. and et al.},
   year={2016},
}
@article{kNN,
author = { N. S. Altman },
title = {An Introduction to Kernel and Nearest-Neighbor Non parametric Regression},
journal = {The American Statistician},
volume = {46},
number = {3},
pages = {175-185},
year  = {1992},
publisher = {Taylor & Francis},
doi = {10.1080/00031305.1992.10475879},
URL = {  https://www.tandfonline.com/doi/abs/10.1080/00031305.1992.10475879},
eprint = { https://www.tandfonline.com/doi/pdf/10.1080/00031305.1992.10475879}
}
@article{Light_Quark_Tagger,
   title={Light-quark and gluon jet discrimination in $pp$ collisions at $\sqrt{s}=7\mathrm {\ TeV}$ TeV with the ATLAS detector},
   volume={74},
   ISSN={1434-6052},
   url={http://dx.doi.org/10.1140/epjc/s10052-014-3023-z},
   DOI={10.1140/epjc/s10052-014-3023-z},
   number={8},
   journal={The European Physical Journal C},
   publisher={Springer Science and Business Media LLC},
   author={Aad, G. and Abbott, B. and Abdallah, J. and Abdel Khalek, S. and Abdinov, O. and Aben, R. and Abi, B. and Abolins, M. and AbouZeid, O. S. and et al.},
   year={2014}
}
@techreport{fJVT,
      author        = "Schwartzman, Ariel and Klein, Matthew Henry and Rubbo,
                       Francesco",
      title         = "{Identification and rejection of pileup jets in the
                       forward region with the ATLAS detector}",
      institution   = "CERN",
      address       = "Geneva",
      number        = "ATL-COM-PHYS-2016-710",
      month         = "Jul",
      year          = "2016",
      reportNumber  = "ATL-COM-PHYS-2016-710",
      url           = "https://cds.cern.ch/record/2158916",
}
@thesis{Louis_Thesis,
      author        = "Portales, Louis",
      title         = "{Observation of electroweak $WZjj$ production, and studies
                       on pile-up mitigation with the ATLAS detector. Observation
                       de la production $WZjj$ électrofaible, et études sur la
                       suppression des jets d’empilement avec le détecteur
                       ATLAS}",
      year          = "2020",
      reportNumber  = "CERN-THESIS-2020-164",
      url           = "https://cds.cern.ch/record/2743491",
      note          = "Presented 01 Oct 2020",
}
@techreport{IP,
      title         = "{Identification of Jets Containing $b$-Hadrons with
                       Recurrent Neural Networks at the ATLAS Experiment}",
      institution   = "CERN",
      collaboration = "ATLAS Collaboration",
      address       = "Geneva",
      number        = "ATL-PHYS-PUB-2017-003",
      year          = "2017",
      reportNumber  = "ATL-PHYS-PUB-2017-003",
      url           = "https://cds.cern.ch/record/2255226",
}
@techreport{IP2,
      title         = "{Optimisation and performance studies of the ATLAS
                       $b$-tagging algorithms for the 2017-18 LHC run}",
      institution   = "CERN",
      collaboration = "ATLAS Collaboration",
      address       = "Geneva",
      number        = "ATL-PHYS-PUB-2017-013",
      year          = "2017",
      reportNumber  = "ATL-PHYS-PUB-2017-013",
      url           = "https://cds.cern.ch/record/2273281",
}
@techreport{SV,
      title         = "{Secondary vertex finding for jet flavour identification
                       with the ATLAS detector}",
      institution   = "CERN",
      collaboration = "ATLAS Collaboration",
      address       = "Geneva",
      number        = "ATL-PHYS-PUB-2017-011",
      year          = "2017",
      reportNumber  = "ATL-PHYS-PUB-2017-011",
      url           = "https://cds.cern.ch/record/2270366",
}

@techreport{JetFitter,
      title         = "{Topological $b$-hadron decay reconstruction and
                       identification of $b$-jets with the JetFitter package in
                       the ATLAS experiment at the LHC}",
      institution   = "CERN",
      collaboration = "ATLAS Collaboration",
      address       = "Geneva",
      number        = "ATL-PHYS-PUB-2018-025",
      year          = "2018",
      reportNumber  = "ATL-PHYS-PUB-2018-025",
      url           = "https://cds.cern.ch/record/2645405",
}

@techreport{DL1r,
      author        = "Lanfermann, Marie Christine and Golling, Tobias and
                       Coccaro, Andrea",
      title         = "{Deep Neural Network based higher level flavour tagging
                       algorithm at the ATLAS experiment}",
      institution   = "CERN",
      address       = "Geneva",
      number        = "ATL-COM-PHYS-2017-1596",
      year          = "2017",
      reportNumber  = "ATL-COM-PHYS-2017-1596",
      url           = "https://cds.cern.ch/record/2290144",
}

@link{Btag_Perf,
    title = "Expected performance of the 2019 ATLAS b-taggers",
    author = "ATLAS Collaboration",
    institution   = "CERN",
    address       = "Geneva",
    url = "http://atlas.web.cern.ch/Atlas/GROUPS/PHYSICS/PLOTS/FTAG-2019-005/"
}

@techreport{Vhbb,
      title         = "{Search for the Standard Model Higgs boson produced in
                       association with a vector boson and decaying to a
                       $b\bar{b}$ pair in $pp$ collisions at 13 TeV using the
                       ATLAS detector}",
      institution   = "CERN",
      collaboration = "ATLAS Collaboration",
      address       = "Geneva",
      number        = "ATLAS-CONF-2016-091",
      month         = "Aug",
      year          = "2016",
      reportNumber  = "ATLAS-CONF-2016-091",
      url           = "http://cds.cern.ch/record/2206813",
}