@article{Mismodelling_Run1,
   title={Electron performance measurements with the ATLAS detector using the 2010 LHC proton-proton collision data},
   volume={72},
   ISSN={1434-6052},
   url={http://dx.doi.org/10.1140/epjc/s10052-012-1909-1},
   DOI={10.1140/epjc/s10052-012-1909-1},
   number={3},
   journal={The European Physical Journal C},
   publisher={Springer Science and Business Media LLC},
   author={Aad, G. and Abbott, B. and Abdallah, J. and Abdelalim, A. A. and Abdesselam, A. and Abdinov, O. and Abi, B. and Abolins, M. and Abramowicz, H. and et al.},
   year={2012}
}
@inproceedings{CrystalBall,
  title={A STUDY OF THE REACTIONS OF},
  author={P. Colangelo and F. Fazio and G. Nardulli},
  year={1992}
}
@thesis{ShowerShapes_fig,
      author        = "Saxon, James",
      title         = "{Discovery of the Higgs Boson, Measurements of its
                       Production, and a Search for Higgs Boson Pair Production}",
      year          = "2014",
      reportNumber  = "CERN-THESIS-2014-084",
      url           = "https://cds.cern.ch/record/1746004",
      note          = "Presented 13 06 2014",
}
@article{Photon_Eff_2015,
   title={Measurement of the photon identification efficiencies with the ATLAS detector using LHC Run 2 data collected in 2015 and 2016},
   volume={79},
   ISSN={1434-6052},
   url={http://dx.doi.org/10.1140/epjc/s10052-019-6650-6},
   DOI={10.1140/epjc/s10052-019-6650-6},
   number={3},
   journal={The European Physical Journal C},
   publisher={Springer Science and Business Media LLC},
   author={Aaboud, M. and Aad, G. and Abbott, B. and Abdinov, O. and Abeloos, B. and Abhayasinghe, D. K. and Abidi, S. H. and AbouZeid, O. S. and Abraham, N. L. and et al.},
   year={2019}
}
@article{Photon_Eff_Run1,
   title={Measurement of the photon identification efficiencies with the ATLAS detector using LHC Run-1 data},
   volume={76},
   ISSN={1434-6052},
   url={http://dx.doi.org/10.1140/epjc/s10052-016-4507-9},
   DOI={10.1140/epjc/s10052-016-4507-9},
   number={12},
   journal={The European Physical Journal C},
   publisher={Springer Science and Business Media LLC},
   author={Aaboud, M. and Aad, G. and Abbott, B. and Abdallah, J. and Abdinov, O. and Abeloos, B. and Aben, R. and AbouZeid, O. S. and Abraham, N. L. and et al.},
   year={2016}
}
@misc{keras,
     author= "F. Chollet et al.",
     title= "Keras",
     howpublished = "\url{https://keras.io/}",
     year="2015"
}
@misc{tensorflow,
     author= "M. Abadi et al.",
     title= "TensorFlow: Large-Scale Machine Learning on Heterogeneous Systems, Software available from tensorflow.org",
     howpublished = "\url{http://tensorflow.org/}",
     year="2015"
}
@Booklet{ATL-COM-PHYS-2015-215,
    author         = "M.Stockton and M. Stoebe",
    title          = "Measurement of the inclusive isolated prompt photon cross section in pp collisions at \sqrt{s} = 8 \ \text{TeV} \ with \ ATLAS \  detector ",
    howpublished   = "{ATL-COM-PHYS-2015-215}",
    url            = "https://cds.cern.ch/record/2004902",
    year           = "2015",
}
@Booklet{ATL-COM-PHYS-2015-496,
    author         = "C. Anastopoulos et al.",
    title          = " Photon identification pre-recommendations for run 2",
    howpublished   = "{ATL-COM-PHYS-2015-496}",
    url            = "https://cds.cern.ch/record/2022342",
    year           = "2015",
}
@misc{CNN, 
    author= "S. Lawrence et al.",
    title= "Face recognition: a convolutional neural-network approach", 
    howpublished = "{IEEE Transactions on Neural Networks (Volume: 8, Issue: 1, Jan. 1997)}",
    year = "1997",
}
@misc{maxpooling,
     author= "Keras",
     title= "Pooling layers",
     howpublished = "\url{https://keras.io/api/layers/pooling_layers/}",
     year="2015",
}
@Booklet{SELU, 
    author="Zhen Huang et al.", 
    title="SNDCNN: Self-normalizing deep CNNs with scaled exponential linear units for speech recognition",
    howpublished="\url{https://arxiv.org/abs/1910.01992}",
    year="2019",
}
@article{dropout,
  author  = "Nitish Srivastava et al.",
  title   = "Dropout: A Simple Way to Prevent Neural Networks from Overfitting",
  howpublished="\url{http://jmlr.org/papers/v15/srivastava14a.html}",
}

@article{early,
    author = "Yuan Yao and Lorenzo Rosasco and Andrea Caponnetto",
    title = "On early stopping in gradient descent learning",
    howpublished = "{Constr. Approx pages 289--315}",
    year = "2007",
}
@misc{cca,
     title= "Centre de Calcul de l’Institut National de Physique Nucléaire et de Physique des Particules, Lyon (France)",
     howpublished = "\url{https://cc.in2p3.fr/}",
     year="1976",
}

@phdthesis{xu,
  TITLE = {{Measurements of W boson properties at $\sqrt$s=5 and 13 TeV with the ATLAS detector at the LHC}},
  AUTHOR = {Xu, Tairan},
  URL = {https://tel.archives-ouvertes.fr/tel-02873298},
  NUMBER = {2019SACLS282},
  SCHOOL = {{Universit{\'e} Paris Saclay (COmUE) ; University of science and technology of China}},
  YEAR = {2019},
  KEYWORDS = {W boson ; Atlas ; Particle physics ; Electron ; Boson W ; Atlas ; Physique des particules ; Electron},
  TYPE = {Theses},
  PDF = {https://tel.archives-ouvertes.fr/tel-02873298/file/76122_XU_2019_archivage.pdf},
  HAL_ID = {tel-02873298},
  HAL_VERSION = {v1},
}

@phdthesis{khandoga,
  TITLE = {{Calibration of electron shower shapes, hadronic recoil reconstruction using deep learning algorithms and the measurement of W boson transverse momentum distribution with the ATLAS detector}},
  AUTHOR = {Khandoga, Mykola},
  URL = {https://tel.archives-ouvertes.fr/tel-03143181},
  NUMBER = {2020UPASP009},
  SCHOOL = {{Universit{\'e} Paris-Saclay}},
  YEAR = {2020},
  KEYWORDS = {Experimental particle physics ; LHC ; Electroweak measurements ; Atlas ; Standard Model ; Deep learning ; Mesures {\'e}lectrofaibles ; Mod{\`e}le Standard ; LHC ; Physique des particules exp{\'e}rimentale ; Atlas ; Apprentissage profond},
  TYPE = {Theses},
  PDF = {https://tel.archives-ouvertes.fr/tel-03143181/file/96860_KHANDOGA_2020_archivage.pdf},
  HAL_ID = {tel-03143181},
  HAL_VERSION = {v1},
}
@article{NNs,
title = {Image processing with neural networks—a review},
journal = {Pattern Recognition},
volume = {35},
number = {10},
pages = {2279-2301},
year = {2002},
issn = {0031-3203},
doi = {https://doi.org/10.1016/S0031-3203(01)00178-9},
url = {https://www.sciencedirect.com/science/article/pii/S0031320301001789},
author = {M. Egmont-Petersen and D. {de Ridder} and H. Handels},
keywords = {Neural networks, Digital image processing, Invariant pattern recognition, Preprocessing, Feature extraction, Image compression, Segmentation, Object recognition, Image understanding, Optimization},
}