@article{Europ,
      author        = "Cepeda, M and al.",
    title         = "{Report from Working Group 2: Higgs Physics at the HL-LHC
                       and HE-LHC}",
      journal       = "CERN Yellow Rep. Monogr.",
      archivePrefix = "arXiv",
      eprint        = "1902.00134",
      reportNumber  = "CERN-LPCC-2018-04",
      volume        = "7",
      pages         = "221-584. 364 p",
      year          = "2018",
      url           = "https://cds.cern.ch/record/2650162",
      doi           = "10.23731/CYRM-2019-007.221",
}