@article{PDG,
  title = "Review of Particle Physics",
  author = {Tanabashi, M. and Hagiwara, K. and Hikasa, K. and Nakamura, K. and Sumino, Y. and Takahashi, F. and Tanaka, J. and Agashe, K. and Aielli, G. and Amsler, C. and Antonelli, M. and Asner, D. M. and Baer, H. and Banerjee, Sw. and Barnett, R. M. and Basaglia, T. and Bauer, C. W. and Beatty, J. J. and Belousov, V. I. and Beringer, J. and Bethke, S. and Bettini, A. and Bichsel, H. and Biebel, O. and Black, K. M. and Blucher, E. and Buchmuller, O. and Burkert, V. and Bychkov, M. A. and Cahn, R. N. and Carena, M. and Ceccucci, A. and Cerri, A. and Chakraborty, D. and Chen, M.-C. and Chivukula, R. S. and Cowan, G. and Dahl, O. and D'Ambrosio, G. and Damour, T. and de Florian, D. and de Gouv\^ea, A. and DeGrand, T. and de Jong, P. and Dissertori, G. and Dobrescu, B. A. and D'Onofrio, M. and Doser, M. and Drees, M. and Dreiner, H. K. and Dwyer, D. A. and Eerola, P. and Eidelman, S. and Ellis, J. and Erler, J. and Ezhela, V. V. and Fetscher, W. and Fields, B. D. and Firestone, R. and Foster, B. and Freitas, A. and Gallagher, H. and Garren, L. and Gerber, H.-J. and Gerbier, G. and Gershon, T. and Gershtein, Y. and Gherghetta, T. and Godizov, A. A. and Goodman, M. and Grab, C. and Gritsan, A. V. and Grojean, C. and Groom, D. E. and Gr\"unewald, M. and Gurtu, A. and Gutsche, T. and Haber, H. E. and Hanhart, C. and Hashimoto, S. and Hayato, Y. and Hayes, K. G. and Hebecker, A. and Heinemeyer, S. and Heltsley, B. and Hern\'andez-Rey, J. J. and Hisano, J. and H\"ocker, A. and Holder, J. and Holtkamp, A. and Hyodo, T. and Irwin, K. D. and Johnson, K. F. and Kado, M. and Karliner, M. and Katz, U. F. and Klein, S. R. and Klempt, E. and Kowalewski, R. V. and Krauss, F. and Kreps, M. and Krusche, B. and Kuyanov, Yu. V. and Kwon, Y. and Lahav, O. and Laiho, J. and Lesgourgues, J. and Liddle, A. and Ligeti, Z. and Lin, C.-J. and Lippmann, C. and Liss, T. M. and Littenberg, L. and Lugovsky, K. S. and Lugovsky, S. B. and Lusiani, A. and Makida, Y. and Maltoni, F. and Mannel, T. and Manohar, A. V. and Marciano, W. J. and Martin, A. D. and Masoni, A. and Matthews, J. and Mei\ss{}ner, U.-G. and Milstead, D. and Mitchell, R. E. and M\"onig, K. and Molaro, P. and Moortgat, F. and Moskovic, M. and Murayama, H. and Narain, M. and Nason, P. and Navas, S. and Neubert, M. and Nevski, P. and Nir, Y. and Olive, K. A. and Pagan Griso, S. and Parsons, J. and Patrignani, C. and Peacock, J. A. and Pennington, M. and Petcov, S. T. and Petrov, V. A. and Pianori, E. and Piepke, A. and Pomarol, A. and Quadt, A. and Rademacker, J. and Raffelt, G. and Ratcliff, B. N. and Richardson, P. and Ringwald, A. and Roesler, S. and Rolli, S. and Romaniouk, A. and Rosenberg, L. J. and Rosner, J. L. and Rybka, G. and Ryutin, R. A. and Sachrajda, C. T. and Sakai, Y. and Salam, G. P. and Sarkar, S. and Sauli, F. and Schneider, O. and Scholberg, K. and Schwartz, A. J. and Scott, D. and Sharma, V. and Sharpe, S. R. and Shutt, T. and Silari, M. and Sj\"ostrand, T. and Skands, P. and Skwarnicki, T. and Smith, J. G. and Smoot, G. F. and Spanier, S. and Spieler, H. and Spiering, C. and Stahl, A. and Stone, S. L. and Sumiyoshi, T. and Syphers, M. J. and Terashi, K. and Terning, J. and Thoma, U. and Thorne, R. S. and Tiator, L. and Titov, M. and Tkachenko, N. P. and T\"ornqvist, N. A. and Tovey, D. R. and Valencia, G. and Van de Water, R. and Varelas, N. and Venanzoni, G. and Verde, L. and Vincter, M. G. and Vogel, P. and Vogt, A. and Wakely, S. P. and Walkowiak, W. and Walter, C. W. and Wands, D. and Ward, D. R. and Wascko, M. O. and Weiglein, G. and Weinberg, D. H. and Weinberg, E. J. and White, M. and Wiencke, L. R. and Willocq, S. and Wohl, C. G. and Womersley, J. and Woody, C. L. and Workman, R. L. and Yao, W.-M. and Zeller, G. P. and Zenin, O. V. and Zhu, R.-Y. and Zhu, S.-L. and Zimmermann, F. and Zyla, P. A. and Anderson, J. and Fuller, L. and Lugovsky, V. S. and Schaffner, P.},
  collaboration = "Particle Data Group",
  journal = "Phys. Rev. D",
  volume = "98",
  issue = "3",
  pages = "030001",
  numpages = "1898",
  year = "2018",
  %month = "Aug",
  publisher = "American Physical Society",
  doi = "10.1103/PhysRevD.98.030001",
  url = "https://link.aps.org/doi/10.1103/PhysRevD.98.030001",
}
@article{UA1,
title = "Experimental observation of isolated large transverse energy electrons with associated missing energy at s=540 GeV",
journal = "Physics Letters B",
volume = "122",
number = "1",
pages = "103 - 116",
year = "1983",
issn = "0370-2693",
doi = "https://doi.org/10.1016/0370-2693(83)91177-2",
url = "http://www.sciencedirect.com/science/article/pii/0370269383911772",
author = "G. Arnison and A. Astbury and B. Aubert and C. Bacci and G. Bauer and A. Bézaguet and R. Böck and T.J.V. Bowcock and M. Calvetti and T. Carroll and P. Catz and P. Cennini and S. Centro and F. Ceradini and S. Cittolin and D. Cline and C. Cochet and J. Colas and M. Corden and D. Dallman and M. DeBeer and M. {Della Negra} and M. Demoulin and D. Denegri and A. {Di Ciaccio} and D. DiBitonto and L. Dobrzynski and J.D. Dowell and M. Edwards and K. Eggert and E. Eisenhandler and N. Ellis and P. Erhard and H. Faissner and G. Fontaine and R. Frey and R. Frühwirth and J. Garvey and S. Geer and C. Ghesquière and P. Ghez and K.L. Giboni and W.R. Gibson and Y. Giraud-Héraud and A. Givernaud and A. Gonidec and G. Grayer and P. Gutierrez and T. Hansl-Kozanecka and W.J. Haynes and L.O. Hertzberger and C. Hodges and D. Hoffmann and H. Hoffmann and D.J. Holthuizen and R.J. Homer and A. Honma and W. Jank and G. Jorat and P.I.P. Kalmus and V. Karimäki and R. Keeler and I. Kenyon and A. Kernan and R. Kinnunen and H. Kowalski and W. Kozanecki and D. Kryn and F. Lacava and J.-P. Laugier and J.-P. Lees and H. Lehmann and K. Leuchs and A. Lévêque and E. Linglin and E. Locci and M. Loret and J.-J. Malosse and T. Markiewicz and G. Maurin and T. McMahon and J.-P. Mendiburu and M.-N. Minard and M. Moricca and H. Muirhead and F. Muller and A.K. Nandi and L. Naumann and A. Norton and A. Orkin-Lecourtois and L. Paoluzi and G. Petrucci and G.Piano Mortari and M. Pimiä and A. Placci and E. Radermacher and J. Ransdell and H. Reithler and J.-P. Revol and J. Rich and M. Rijssenbeek and C. Roberts and J. Rohlf and P. Rossi and C. Rubbia and B. Sadoulet and G. Sajot and G. Salvi and J. Salvini and J. Sass and A. Saudraix and A. Savoy-Navarro and D. Schinzel and W. Scott and T.P. Shah and M. Spiro and J. Strauss and K. Sumorok and F. Szoncso and D. Smith and C. Tao and G. Thompson and J. Timmer and E. Tscheslog and J. Tuominiemi and S. {Van der Meer} and J.-P. Vialle and J. Vrana and V. Vuillemin and H.D. Wahl and P. Watkins and J. Wilson and Y.G. Xie and M. Yvert and E. Zurfluh",
abstract = "We report the results of two searches made on data recorded at the CERN SPS Proton-Antiproton Collider: one for isolated large-ET electrons, the other for large-ET neutrinos using the technique of missing transverse energy. Both searches converge to the same events, which have the signature of a two-body decay of a particle of mass ∼80 GeV/c2. The topology as well as the number of events fits well the hypothesis that they are produced by the proces p̄+p→W±+X, with W± →e±+ν; where W± is the Intermediate Vector Boson postulated by the unified theory of weak and electromagnetic inter- actions."
}
@article{UA2,
title = "Evidence for Z0→e+e− at the CERN pp collider",
journal = "Physics Letters B",
volume = "129",
number = "1",
pages = "130 - 140",
year = "1983",
issn = "0370-2693",
doi = "https://doi.org/10.1016/0370-2693(83)90744-X",
url = "http://www.sciencedirect.com/science/article/pii/037026938390744X",
author = "P. Bagnaia and M. Banner and R. Battiston and Ph. Bloch and F. Bonaudi and K. Borer and M. Borghini and J.-C. Chollet and A.G. Clark and C. Conta and P. Darriulat and L. {Di Lella} and J. Dines-Hansen and P.A. Dorsaz and L. Fayard and M. Fraternali and D. Froidevaux and G. Fumagalli and J.-M. Gaillard and O. Gildemeister and V.G. Goggi and H. Grote and B. Hahn and H. Hänni and J.R. Hansen and P. Hansen and T. Himel and V. Hungerbühler and P. Jenni and O. Kofoed-Hansen and E. Lançon and M. Livan and S. Loucatos and B. Madsen and P. Mani and B. Mansoulié and G.C. Mantovani and L. Mapelli and B. Merkel and M. Mermikides and R. Møllerud and B. Nilsson and C. Onions and G. Parrour and F. Pastore and H. Plothow-Besch and M. Polverel and J.-P. Repellin and A. Rimoldi and A. Rothenberg and A. Roussarie and G. Sauvage and J. Schacher and J.L. Siegrist and H.M. Steiner and G. Stimpfl and F. Stocker and J. Teiger and V. Vercesi and A.R. Weidberg and H. Zaccone and J.A. Zakrzewski and W. Zeller",
abstract = "From a search for electron pairs produced in pp collisions at s = 550 GeV we report the observation of eight events which we interpret as resulting from the process p+p→Z0+ anything, followed by the decay Z0→e++e− or Z0→e++e−+γ, where Z0 is the neutral Intermediate Vector Boson postulated by the unified electroweak theory. We use four of these events to measure the Z0 mass MZ = 91.9 ± 1.3 ± 1.4 (systematic) GeV/c2."
}
@article{LEP, volume={565},
   ISSN={0370-2693},
   url={http://dx.doi.org/10.1016/S0370-2693(03)00614-2},
   DOI={10.1016/s0370-2693(03)00614-2},
   journal={Physics Letters B},
   publisher={Elsevier BV},
   year={2003},
   %month={Jul},
   pages={61–75}
}
@article{Tevatron,
   title={Combination of Tevatron Searches for the Standard Model Higgs Boson in theW+W−Decay Mode},
   volume={104},
   ISSN={1079-7114},
   url={http://dx.doi.org/10.1103/PhysRevLett.104.061802},
   DOI={10.1103/physrevlett.104.061802},
   number={6},
   journal={Physical Review Letters},
   publisher={American Physical Society (APS)},
   author={Aaltonen, T. and Abazov, V. M. and Abbott, B. and Abolins, M. and Acharya, B. S. and Adams, M. and Adams, T. and Adelman, J. and Aguilo, E. and Alexeev, G. D. and et al.},
   year={2010},
   %month={Feb}
}
@misc{LEP_Tevatron,
      title={Precision Electroweak Measurements and Constraints on the Standard Model}, 
      author={ALEPH Collaboration and CDF Collaboration and D0 Collaboration and DELPHI Collaboration and L3 Collaboration and OPAL Collaboration and SLD Collaboration and LEP Electroweak Working Group and Tevatron Electroweak Working Group and SLD electroweak heavy flavour group},
      year={2009},
      eprint={0911.2604},
      archivePrefix={arXiv},
      primaryClass={hep-ex}
}
@misc{HiggsPotential,
      title={A Historical Profile of the Higgs Boson}, 
      author={John Ellis and Mary K. Gaillard and Dimitri V. Nanopoulos},
      year={2012},
      eprint={1201.6045},
      archivePrefix={arXiv},
      primaryClass={hep-ph}
}
@misc{LHCHXSWG_Twiki,
    title={LHC Higgs Working Group},
    URL={https://twiki.cern.ch/twiki/bin/view/LHCPhysics/LHCHWG?redirectedfrom=LHCPhysics.LHCHXSWG},
}
@phdthesis{EWSB,
  TITLE = {{Mesure des propri{\'e}t{\'e}s du boson de Higgs avec l'exp{\'e}rience ATLAS au LHC}},
  AUTHOR = {Delgove, David},
  URL = {https://tel.archives-ouvertes.fr/tel-01494070},
  NUMBER = {2016SACLS316},
  SCHOOL = {{Universit{\'e} Paris-Saclay}},
  YEAR = {2016},
  %month = Oct,
  KEYWORDS = {Couplings ; Standard Model ; Higgs boson ; LHC ; ATLAS ; LHC ; ATLAS ; Boson de Higgs ; Mod{\`e}le standard ; Couplages},
  TYPE = {Theses},
  PDF = {https://tel.archives-ouvertes.fr/tel-01494070/file/69812_DELGOVE_2016_diffusion.pdf},
  HAL_ID = {tel-01494070},
  HAL_VERSION = {v1},
}
@article{Englert,
  title = {Broken Symmetry and the Mass of Gauge Vector Mesons},
  author = {Englert, F. and Brout, R.},
  journal = {Phys. Rev. Lett.},
  volume = {13},
  issue = {9},
  pages = {321--323},
  numpages = {0},
  year = {1964},
  %month = {Aug},
  publisher = {American Physical Society},
  doi = {10.1103/PhysRevLett.13.321},
  url = {https://link.aps.org/doi/10.1103/PhysRevLett.13.321}
}
@article{PDF,
   title={New parton distribution functions from a global analysis of quantum chromodynamics},
   volume={93},
   ISSN={2470-0029},
   url={http://dx.doi.org/10.1103/PhysRevD.93.033006},
   DOI={10.1103/physrevd.93.033006},
   number={3},
   journal={Physical Review D},
   publisher={American Physical Society (APS)},
   author={Dulat, Sayipjamal and Hou, Tie-Jiun and Gao, Jun and Guzzi, Marco and Huston, Joey and Nadolsky, Pavel and Pumplin, Jon and Schmidt, Carl and Stump, Daniel and Yuan, C.-P.},
   year={2016},
   %month={Feb}
}
@article{CT14,
   title={New parton distribution functions from a global analysis of quantum chromodynamics},
   volume={93},
   ISSN={2470-0029},
   url={http://dx.doi.org/10.1103/PhysRevD.93.033006},
   DOI={10.1103/physrevd.93.033006},
   number={3},
   journal={Physical Review D},
   publisher={American Physical Society (APS)},
   author={Dulat, Sayipjamal and Hou, Tie-Jiun and Gao, Jun and Guzzi, Marco and Huston, Joey and Nadolsky, Pavel and Pumplin, Jon and Schmidt, Carl and Stump, Daniel and Yuan, C.-P.},
   year={2016},
   %month={Feb}
}
@article{HXSWG,
    author = "de Florian, D. and others",
    collaboration = "LHC Higgs Cross Section Working Group",
    title = "{Handbook of LHC Higgs Cross Sections: 4. Deciphering the Nature of the Higgs Sector}",
    eprint = "1610.07922",
    archivePrefix = "arXiv",
    primaryClass = "hep-ph",
    reportNumber = "CERN-2017-002-M, CERN-2017-002",
    doi = "10.23731/CYRM-2017-002",
    volume = "2/2017",
    %month = "10",
    year = "2016"
}
@article{HiggsBR,
    author = "Dittmaier, S. and others",
    title = "{Handbook of LHC Higgs Cross Sections: 2. Differential Distributions}",
    eprint = "1201.3084",
    archivePrefix = "arXiv",
    primaryClass = "hep-ph",
    reportNumber = "CERN-2012-002",
    doi = "10.5170/CERN-2012-002",
    %month = "1",
    year = "2012"
}
@article{HiggsWidth,
    author = "Dittmaier, S. and others",
    collaboration = "LHC Higgs Cross Section Working Group",
    title = "{Handbook of LHC Higgs Cross Sections: 1. Inclusive Observables}",
    eprint = "1101.0593",
    archivePrefix = "arXiv",
    primaryClass = "hep-ph",
    reportNumber = "CERN-2011-002",
    doi = "10.5170/CERN-2011-002",
    %month = "1",
    year = "2011"
}
@article{ATLAS_2012,
   title={Observation of a new particle in the search for the Standard Model Higgs boson with the ATLAS detector at the LHC},
   volume={716},
   ISSN={0370-2693},
   url={http://dx.doi.org/10.1016/j.physletb.2012.08.020},
   DOI={10.1016/j.physletb.2012.08.020},
   number={1},
   journal={Physics Letters B},
   publisher={Elsevier BV},
   author={Aad, G. and Abajyan, T. and Abbott, B. and Abdallah, J. and Abdel Khalek, S. and Abdelalim, A.A. and Abdinov, O. and Aben, R. and Abi, B. and Abolins, M. and et al.},
   year={2012},
   %month={Sep},
   pages={1–29}
}
@article{CMS_2012,
   title={Observation of a new boson at a mass of 125 GeV with the CMS experiment at the LHC},
   volume={716},
   ISSN={0370-2693},
   url={http://dx.doi.org/10.1016/j.physletb.2012.08.021},
   DOI={10.1016/j.physletb.2012.08.021},
   number={1},
   journal={Physics Letters B},
   publisher={Elsevier BV},
   author={Chatrchyan, S. and Khachatryan, V. and Sirunyan, A.M. and Tumasyan, A. and Adam, W. and Aguilo, E. and Bergauer, T. and Dragicevic, M. and Erö, J. and Fabjan, C. and et al.},
   year={2012},
   %month={Sep},
   pages={30–61}
}
@article{Mass,
  title = {Combined Measurement of the Higgs Boson Mass in $pp$ Collisions at $\sqrt{s}=7$ and 8 TeV with the ATLAS and CMS Experiments},
  author = {Aad and \em al},
  collaboration = {ATLAS Collaboration and CMS Collaboration},
  journal = {Phys. Rev. Lett.},
  volume = {114},
  issue = {19},
  pages = {191803},
  numpages = {33},
  year = {2015},
  %month = {May},
  publisher = {American Physical Society},
  doi = {10.1103/PhysRevLett.114.191803},
  url = {https://link.aps.org/doi/10.1103/PhysRevLett.114.191803}
}

@techreport{ATLAS_2020,
      title         = "{Measurement of the properties of Higgs boson production
                       at $\sqrt{s}$=13 TeV in the $H\to \gamma\gamma$ channel
                       using 139 fb$^{−1}$ of $pp$ collision data with the ATLAS
                       experiment}",
      institution   = "CERN",
      collaboration = "ATLAS Collaboration",
      address       = "Geneva",
      number        = "ATLAS-CONF-2020-026",
      %month         = "Aug",
      year          = "2020",
      reportNumber  = "ATLAS-CONF-2020-026",
      url           = "https://cds.cern.ch/record/2725727",
}

@book{HHXSec1,
      author        = "de Florian, D. and Grojean, C. and Maltoni, F. and
                       Mariotti, C. and Nikitenko, A. and Pieri, M. and Savard, P.
                       and Schumacher, M. and Tanaka, R. and Aggleton, R. and
                       Ahmad, M. and Allanach, B. and Anastasiou, C. and Astill,
                       W. and Badger, S. and Badziak, M. and Baglio, J. and
                       Bagnaschi, E. and Ballestrero, A. and Banfi, A. and
                       Barducci, D. and Beckingham, M. and Becot, C. and
                       Bélanger, G. and Bellm, J. and Belyaev, N. and
                       Bernlochner, F.U. and Beskidt, C. and Biekötter, A. and
                       Bishara, F. and Bizon, W. and Bomark, N.E. and Bonvini, M.
                       and Borowka, S. and Bortolotto, V. and Boselli, S. and
                       Botella, F.J. and Boughezal, R. and Branco, G.C. and
                       Brehmer, J. and Brenner, L. and Bressler, S. and Brivio, I.
                       and Broggio, A. and Brun, H. and Buchalla, G. and Burgard,
                       C.D. and Calandri, A. and Caminada, L. and Caminal
                       Armadans, R. and Campanario, F. and Campbell, J. and Caola,
                       F. and Carloni Calame, C.M. and Carrazza, S. and Carvalho,
                       A. and Casolino, M. and Cata, O. and Celis, A. and Cerutti,
                       F. and Chanon, N. and Chen, M. and Chen, X. and Chokoufé
                       Nejad, B. and Christensen, N. and Ciuchini, M. and Contino,
                       R. and Corbett, T. and Costa, Raul and Curtin, D. and
                       Dall'Osso, M. and David, A. and Dawson, S. and de Blas, J.
                       and de Boer, W. and de Castro Manzano, P. and Degrande, C.
                       and Delgado, R.L. and Demartin, F. and Denner, A. and Di
                       Micco, B. and Di Nardo, R. and Dittmaier, S. and Dobado, A.
                       and Dorigo, T. and Dreyer, F.A. and Dührssen, M. and Duhr,
                       C. and Dulat, F. and Ecker, K. and Ellis, K. and Ellwanger,
                       U. and Englert, C. and Espriu, D. and Falkowski, A. and
                       Fayard, L. and Feger, R. and Ferrera, G. and Ferroglia, A.
                       and Fidanza, N. and Figy, T. and Flechl, M. and Fontes, D.
                       and Forte, S. and Francavilla, P. and Franco, E. and
                       Frederix, R. and Freitas, A. and Freitas, F.F. and Frensch,
                       F. and Frixione, S. and Fuks, B. and Furlan, E. and
                       Gadatsch, S. and Gao, J. and Gao, Y. and Garzelli, M.V. and
                       Gehrmann, T. and Gerosa, R. and Ghezzi, M. and Ghosh, D.
                       and Gieseke, S. and Gillberg, D. and Giudice, G.F. and
                       Glover, E.W.N. and Goertz, F. and Gonçalves, D. and
                       Gonzalez-Fraile, J. and Gorbahn, M. and Gori, S. and
                       Gottardo, C.A. and Gouzevitch, M. and Govoni, P. and Gray,
                       D. and Grazzini, M. and Greiner, N. and Greljo, A. and
                       Grigo, J. and Gritsan, A.V. and Gröber, R. and Guindon, S.
                       and Haber, H.E. and Han, C. and Han, T. and Harlander, R.
                       and Harrendorf, M.A. and Hartanto, H.B. and Hays, C. and
                       Heinemeyer, S. and Heinrich, G. and Herrero, M. and Herzog,
                       F. and Hespel, B. and Hirschi, V. and Hoeche, S. and
                       Honeywell, S. and Huber, S.J. and Hugonie, C. and Huston,
                       J. and Ilnicka, A. and Isidori, G. and Jäger, B. and
                       Jaquier, M. and Jones, S.P. and Juste, A. and Kallweit, S.
                       and Kaluza, A. and Kardos, A. and Karlberg, A. and
                       Kassabov, Z. and Kauer, N. and Kazakov, D.I. and Kerner, M.
                       and Kilian, W. and Kling, F. and Köneke, K. and Kogler, R.
                       and Konoplich, R. and Kortner, S. and Kraml, S. and Krause,
                       C. and Krauss, F. and Krawczyk, M. and Kulesza, A. and
                       Kuttimalai, S. and Lane, R. and Lazopoulos, A. and Lee, G.
                       and Lenzi, P. and Lewis, I.M. and Li, Y. and Liebler, S.
                       and Lindert, J. and Liu, X. and Liu, Z. and Llanes-Estrada,
                       F.J. and Logan, H.E. and Lopez-Val, D. and Low, I. and
                       Luisoni, G. and Maierhöfer, P. and Maina, E. and
                       Mansoulié, B. and Mantler, H. and Mantoani, M. and Marini,
                       A.C. and Martinez Outschoorn, V.I. and Marzani, S. and
                       Marzocca, D. and Massironi, A. and Mawatari, K. and
                       Mazzitelli, J. and McCarn, A. and Mellado, B. and Melnikov,
                       K. and Menari, S.B. and Merlo, L. and Meyer, C. and
                       Milenovic, P. and Mimasu, K. and Mishima, S. and
                       Mistlberger, B. and Moch, S.-O. and Mohammadi, A. and
                       Monni, P.F. and Montagna, G. and Moreno Llácer, M. and
                       Moretti, N. and Moretti, S. and Motyka, L. and Mück, A.
                       and Mühlleitner, M. and Munir, S. and Musella, P. and
                       Nadolsky, P. and Napoletano, D. and Nebot, M. and Neu, C.
                       and Neubert, M. and Nevzorov, R. and Nicrosini, O. and
                       Nielsen, J. and Nikolopoulos, K. and No, J.M. and O'Brien,
                       C. and Ohl, T. and Oleari, C. and Orimoto, T. and Pagani,
                       D. and Pandini, C.E. and Papaefstathiou, A. and
                       Papanastasiou, A.S. and Passarino, G. and Pecjak, B.D. and
                       Pelliccioni, M. and Perez, G. and Perrozzi, L. and
                       Petriello, F. and Petrucciani, G. and Pianori, E. and
                       Piccinini, F. and Pierini, M. and Pilkington, A. and
                       Plätzer, S. and Plehn, T. and Podskubka, R. and Potter,
                       C.T. and Pozzorini, S. and Prokofiev, K. and Pukhov, A. and
                       Puljak, I. and Queitsch-Maitland, M. and Quevillon, J. and
                       Rathlev, D. and Rauch, M. and Re, E. and Rebelo, M.N. and
                       Rebuzzi, D. and Reina, L. and Reuschle, C. and Reuter, J.
                       and Riembau, M. and Riva, F. and Rizzi, A. and Robens, T.
                       and Röntsch, R. and Rojo, J. and Romão, J.C. and
                       Rompotis, N. and Roskes, J. and Roth, R. and Salam, G.P.
                       and Salerno, R. and Sampaio, M.O.P. and Santos, R. and
                       Sanz, V. and Sanz-Cillero, J.J. and Sargsyan, H. and
                       Sarica, U. and Schichtel, P. and Schlenk, J. and Schmidt,
                       T. and Schmitt, C. and Schönherr, M. and Schubert, U. and
                       Schulze, M. and Sekula, S. and Sekulla, M. and Shabalina,
                       E. and Shao, H.S. and Shelton, J. and
                       Shepherd-Themistocleous, C.H. and Shim, S.Y. and Siegert,
                       F. and Signer, A. and Silva, J.P. and Silvestrini, L. and
                       Sjodahl, M. and Slavich, P. and Slawinska, M. and Soffi, L.
                       and Spannowsky, M. and Speckner, C. and Sperka, D.M. and
                       Spira, M. and Stål, O. and Staub, F. and Stebel, T. and
                       Stefaniak, T. and Steinhauser, M. and Stewart, I.W. and
                       Strassler, M.J. and Streicher, J. and Strom, D.M. and Su,
                       S. and Sun, X. and Tackmann, F.J. and Tackmann, K. and
                       Teixeira, A.M. and Teixeira de Lima, R. and Theeuwes, V.
                       and Thorne, R. and Tommasini, D. and Torrielli, P. and
                       Tosi, M. and Tramontano, F. and Trócsányi, Z. and Trott,
                       M. and Tsinikos, I. and Ubiali, M. and Vanlaer, P. and
                       Verkerke, W. and Vicini, A. and Viliani, L. and Vryonidou,
                       E. and Wackeroth, D. and Wagner, C.E.M. and Wang, J. and
                       Wayand, S. and Weiglein, G. and Weiss, C. and Wiesemann, M.
                       and Williams, C. and Winter, J. and Winterbottom, D. and
                       Wolf, R. and Xiao, M. and Yang, L.L. and Yohay, R. and
                       Yuen, S.P.Y. and Zanderighi, G. and Zaro, M. and
                       Zeppenfeld, D. and Ziegler, R. and Zirke, T. and Zupan, J.",
      title         = "{Handbook of LHC Higgs Cross Sections: 4. Deciphering the
                       Nature of the Higgs Sector}",
      collaboration = "LHC Higgs Cross Section Working Group",
      series        = "CERN Yellow Reports: Monographs",
      %month         = "Oct",
      year          = "2016",
      reportNumber  = "CERN-2017-002-M",
      url           = "http://cds.cern.ch/record/2227475",
      note          = "869 pages, 295 figures, 248 tables and 1645 citations.
                       Working Group web page:
                       https://twiki.cern.ch/twiki/bin/view/LHCPhysics/LHCHXSWG",
      doi           = "10.23731/CYRM-2017-002",
}
@article{HHXSec2,
  title = {Higgs Boson Pair Production in Gluon Fusion at Next-to-Leading Order with Full Top-Quark Mass Dependence},
  author = {Borowka, S. and Greiner, N. and Heinrich, G. and Jones, S. P. and Kerner, M. and Schlenk, J. and Schubert, U. and Zirke, T.},
  journal = {Phys. Rev. Lett.},
  volume = {117},
  issue = {1},
  pages = {012001},
  numpages = {5},
  year = {2016},
  %month = {Jun},
  publisher = {American Physical Society},
  doi = {10.1103/PhysRevLett.117.012001},
  url = {https://link.aps.org/doi/10.1103/PhysRevLett.117.012001}
}
@article{yybb_36ifb,
      author        = {Aaboud et al.},
      title         = {Search for Higgs boson pair production in the
                       $\gamma\gamma b\bar{b}$ final state with 13 TeV $pp$
                       collision data collected by the ATLAS experiment},
     archivePrefix = {arXiv},
     primaryClass = {hep-ph},
     collaboration = {ATLAS Collaboration},
     year          = {2018},
     reportNumber  = {arXiv:1807.04873},
     url           = {http://cds.cern.ch/record/2630823},
}
@article{SMEFT_EFT,
   title={The SMEFTsim package, theory and tools},
   volume={2017},
   ISSN={1029-8479},
   url={http://dx.doi.org/10.1007/JHEP12(2017)070},
   DOI={10.1007/jhep12(2017)070},
   number={12},
   journal={Journal of High Energy Physics},
   publisher={Springer Science and Business Media LLC},
   author={Brivio, Ilaria and Jiang, Yun and Trott, Michael},
   year={2017},
   %month={Dec}
}
@article{Warsaw,
   title={Dimension-six terms in the Standard Model Lagrangian},
   volume={2010},
   ISSN={1029-8479},
   url={http://dx.doi.org/10.1007/JHEP10(2010)085},
   DOI={10.1007/jhep10(2010)085},
   number={10},
   journal={Journal of High Energy Physics},
   publisher={Springer Science and Business Media LLC},
   author={Grzadkowski, B. and Iskrzyński, M. and Misiak, M. and Rosiek, J.},
   year={2010},
   %month={Oct}
}
@article{LHC_EFT,
   title={The standard model as an effective field theory},
   volume={793},
   ISSN={0370-1573},
   url={http://dx.doi.org/10.1016/j.physrep.2018.11.002},
   DOI={10.1016/j.physrep.2018.11.002},
   journal={Physics Reports},
   publisher={Elsevier BV},
   author={Brivio, Ilaria and Trott, Michael},
   year={2019},
   %month={Feb},
   pages={1–98}
}

@article{HH_Comb_36,
   title={Combination of searches for Higgs boson pairs in pp collisions at s=13TeV with the ATLAS detector},
   volume={800},
   ISSN={0370-2693},
   url={http://dx.doi.org/10.1016/j.physletb.2019.135103},
   DOI={10.1016/j.physletb.2019.135103},
   journal={Physics Letters B},
   publisher={Elsevier BV},
   author={Aad, G. and Abbott, B. and Abbott, D.C. and Abed Abud, A. and Abeling, K. and Abhayasinghe, D.K. and Abidi, S.H. and AbouZeid, O.S. and Abraham, N.L. and Abramowicz, H. and et al.},
   year={2020},
   pages={135103}
}
@article{4b_36,
   title={Search for pair production of Higgs bosons in the $b\overline{b}b\overline{b} $ final state using proton-proton collisions at $ \sqrt{s}=13 $ TeV with the ATLAS detector},
   volume={2019},
   ISSN={1029-8479},
   url={http://dx.doi.org/10.1007/JHEP01(2019)030},
   DOI={10.1007/jhep01(2019)030},
   number={1},
   journal={Journal of High Energy Physics},
   publisher={Springer Science and Business Media LLC},
   author={Aaboud, M. and Aad, G. and Abbott, B. and Abdinov, O. and Abeloos, B. and Abidi, S. H. and AbouZeid, O. S. and Abraham, N. L. and Abramowicz, H. and et al.},
   year={2019},
}
@article{bbWW_36,
   title={Search for Higgs boson pair production in the $ b\overline{b}W{W}^{*} $
               decay mode at $ \sqrt{s} $
               = 13 TeV with the ATLAS detector},
   volume={2019},
   ISSN={1029-8479},
   url={http://dx.doi.org/10.1007/JHEP04(2019)092},
   DOI={10.1007/jhep04(2019)092},
   number={4},
   journal={Journal of High Energy Physics},
   publisher={Springer Science and Business Media LLC},
   author={Aaboud, M. and Aad, G. and Abbott, B. and Abdinov, O. and Abeloos, B. and Abhayasinghe, D. K. and Abidi, S. H. and AbouZeid, O. S. and Abraham, N. L. and et al.},
   year={2019}
}
@article{bbtautau_36,
   title={Search for Resonant and Non-resonant Higgs Boson Pair Production in the $b\bar{b}\tau^+\tau^-$ Decay Channel in pp Collisions at $\sqrt{s}=$13 TeV
 with the ATLAS Detector},
   volume={121},
   ISSN={1079-7114},
   url={http://dx.doi.org/10.1103/PhysRevLett.121.191801},
   DOI={10.1103/physrevlett.121.191801},
   number={19},
   journal={Physical Review Letters},
   publisher={American Physical Society (APS)},
   author={Aaboud, M. and Aad, G. and Abbott, B. and Abdinov, O. and Abeloos, B. and Abhayasinghe, D.K. and Abidi, S.H. and AbouZeid, O.S. and Abraham, N.L. and Abramowicz, H. and et al.},
   year={2018}
}
@article{4W_36,
   title={Search for Higgs boson pair production in the WW(*)WW(*) decay channel using ATLAS data recorded at $ \sqrt{\mathrm{s}
}$ = 13 TeV},
   volume={2019},
   ISSN={1029-8479},
   url={http://dx.doi.org/10.1007/JHEP05(2019)124},
   DOI={10.1007/jhep05(2019)124},
   number={5},
   journal={Journal of High Energy Physics},
   publisher={Springer Science and Business Media LLC},
   author={Aaboud, M. and Aad, G. and Abbott, B. and Abdinov, O. and Abeloos, B. and Abhayasinghe, D. K. and Abidi, S. H. and AbouZeid, O. S. and Abraham, N. L. and et al.},
   year={2019}
 }
 @article{WWyy_36,
   title={Search for Higgs boson pair production in the $\gamma \gamma WW^*$ channel using  $pp$ collision data recorded at $\sqrt{s}$=13 TeV with the ATLAS detector},
   volume={78},
   ISSN={1434-6052},
   url={http://dx.doi.org/10.1140/epjc/s10052-018-6457-x},
   DOI={10.1140/epjc/s10052-018-6457-x},
   number={12},
   journal={The European Physical Journal C},
   publisher={Springer Science and Business Media LLC},
   author={Aaboud, M. and Aad, G. and Abbott, B. and Abdinov, O. and Abeloos, B. and Abhayasinghe, D. K. and Abidi, S. H. and AbouZeid, O. S. and Abraham, N. L. and et al.},
   year={2018}
}