@link{Lumi,
    title = "Luminosity uncertainties for physics analysis",
    author = "ATLAS Collaboration",
    institution   = "CERN",
    address       = "Geneva",
    url = "https://twiki.cern.ch/twiki/bin/view/Atlas/LuminosityForPhysics"
}
@article{HH_Powheg,
   title={Probing the trilinear Higgs boson coupling in di-Higgs production at NLO QCD including parton shower effects},
   volume={2019},
   ISSN={1029-8479},
   url={http://dx.doi.org/10.1007/JHEP06(2019)066},
   DOI={10.1007/jhep06(2019)066},
   number={6},
   journal={Journal of High Energy Physics},
   publisher={Springer Science and Business Media LLC},
   author={Heinrich, G. and Jones, S. P. and Kerner, M. and Luisoni, G. and Scyboz, L.},
   year={2019}
}
@article{PDF4LHC,
   title={PDF4LHC recommendations for LHC Run II},
   volume={43},
   ISSN={1361-6471},
   url={http://dx.doi.org/10.1088/0954-3899/43/2/023001},
   DOI={10.1088/0954-3899/43/2/023001},
   number={2},
   journal={Journal of Physics G: Nuclear and Particle Physics},
   publisher={IOP Publishing},
   author={Butterworth, Jon and Carrazza, Stefano and Cooper-Sarkar, Amanda and Roeck, Albert De and Feltesse, Joël and Forte, Stefano and Gao, Jun and Glazov, Sasha and Huston, Joey and Kassabov, Zahari and et al.},
   year={2016},
   pages={023001}
}
@article{HH_FT,
   title={NLO predictions for Higgs boson pair production with full top quark mass dependence matched to parton showers},
   volume={2017},
   ISSN={1029-8479},
   url={http://dx.doi.org/10.1007/JHEP08(2017)088},
   DOI={10.1007/jhep08(2017)088},
   number={8},
   journal={Journal of High Energy Physics},
   publisher={Springer Science and Business Media LLC},
   author={Heinrich, G. and Jones, S.P. and Kerner, M. and Luisoni, G. and Vryonidou, E.},
   year={2017},
}
@article{HH_VBF,
   title={Higgs pair production in vector-boson fusion at the LHC and beyond},
   volume={77},
   ISSN={1434-6052},
   url={http://dx.doi.org/10.1140/epjc/s10052-017-5037-9},
   DOI={10.1140/epjc/s10052-017-5037-9},
   number={7},
   journal={The European Physical Journal C},
   publisher={Springer Science and Business Media LLC},
   author={Bishara, Fady and Contino, Roberto and Rojo, Juan},
   year={2017},
}
@article{VBF_PDF,
   title={Parton distributions with LHC data},
   volume={867},
   ISSN={0550-3213},
   url={http://dx.doi.org/10.1016/j.nuclphysb.2012.10.003},
   DOI={10.1016/j.nuclphysb.2012.10.003},
   number={2},
   journal={Nuclear Physics B},
   publisher={Elsevier BV},
   author={Ball, Richard D. and Bertone, Valerio and Carrazza, Stefano and Deans, Christopher S. and Del Debbio, Luigi and Forte, Stefano and Guffanti, Alberto and Hartland, Nathan P. and Latorre, José I. and Rojo, Juan and et al.},
   year={2013},
   pages={244–289}
}
@misc{LHE,
      title={Les Houches 2019: Physics at TeV Colliders: Standard Model Working Group Report}, 
      author={S. Amoroso and P. Azzurri and J. Bendavid and E. Bothmann and D. Britzger and H. Brooks and A. Buckley and M. Calvetti and X. Chen and M. Chiesa and L. Cieri and V. Ciulli and J. Cruz-Martinez and A. Cueto and A. Denner and S. Dittmaier and M. Donegà and M. Dührssen-Debling and I. Fabre and S. Ferrario-Ravasio and D. de Florian and S. Forte and P. Francavilla and T. Gehrmann and A. Gehrmann-De Ridder and L. Gellersen and E. W. N. Glover and P. Gras and C. Gwenlan and Y. Haddad and G. Heinrich and J. Hessler and T. J. Hobbs and M. Höfer and A. Huss and J. Huston and T. Ježo and S. P. Jones and S. Kallweit and M. Klasen and G. Knippen and A. Larkoski and M. LeBlanc and P. Loch and K. Long and D. Maître and S. Marzani and J. Mazzitelli and J. A. Mcfayden and E. Metodiev and J. K. L. Michel and M. Moreno Llácer and B. Nachman and P. Nadolsky and D. Napoletano and E. R. Nocera and C. Oleari and C. Pandini and M. Pellen and S. Pigazzini and J. Pires and S. Plätzer and S. Prestel and K. Rabbertz and E. Re and P. Richardson and F. Ringer and J. Rojo and J. Roloff and R. Röntsch and M. Schönherr and C. Schwan and F. Siegert and D. Soper and G. Soyez and M. Spira and M. R. Sutton and F. J. Tackmann and V. Theeuwes and S. L. Villani and J. Whitehead and H. T. Yang and J. Zhou},
      year={2020},
      eprint={2003.01700},
      archivePrefix={arXiv},
      primaryClass={hep-ph}
}

@article{DiPhotonVertex,
   title={Measurement of Higgs boson production in the diphoton decay channel in pp collisions at center-of-mass energies of 7 and 8 TeV with the ATLAS detector},
   volume={90},
   ISSN={1550-2368},
   url={http://dx.doi.org/10.1103/PhysRevD.90.112015},
   DOI={10.1103/physrevd.90.112015},
   number={11},
   journal={Physical Review D},
   publisher={American Physical Society (APS)},
   author={Aad, G. et al.},
   year={2014}
}
@inproceedings{XGBoost,
author = {Chen, Tianqi and Guestrin, Carlos},
title = {XGBoost: A Scalable Tree Boosting System},
year = {2016},
isbn = {9781450342322},
publisher = {Association for Computing Machinery},
address = {New York, NY, USA},
url = {https://doi.org/10.1145/2939672.2939785},
doi = {10.1145/2939672.2939785},
pages = {785–794},
numpages = {10},
keywords = {large-scale machine learning},
location = {San Francisco, California, USA},
series = {KDD '16}
}

@article{Bootstrap,
author = {B. Efron},
title = {Bootstrap Methods: Another Look at the Jackknife},
volume = {7},
journal = {The Annals of Statistics},
number = {1},
publisher = {Institute of Mathematical Statistics},
pages = {1 -- 26},
keywords = {bootstrap, discriminant analysis, error rate estimation, jackknife, Nonlinear regression, nonparametric variance estimation, Resampling, subsample values},
year = {1979},
doi = {10.1214/aos/1176344552},
URL = {https://doi.org/10.1214/aos/1176344552}
}
@article{Z,
   title={Asymptotic formulae for likelihood-based tests of new physics},
   volume={71},
   ISSN={1434-6052},
   url={http://dx.doi.org/10.1140/epjc/s10052-011-1554-0},
   DOI={10.1140/epjc/s10052-011-1554-0},
   number={2},
   journal={The European Physical Journal C},
   publisher={Springer Science and Business Media LLC},
   author={Cowan, Glen and Cranmer, Kyle and Gross, Eilam and Vitells, Ofer},
   year={2011}
}
@techreport{Higgs_2018,
      title         = "{Measurements of Higgs boson properties in the diphoton
                       decay channel using 80 fb of $pp$ collision data at
                       s = 13 TeV with the ATLAS detector}",
      institution   = "CERN",
      collaboration = "ATLAS Collaboration",
      address       = "Geneva",
      number        = "ATLAS-CONF-2018-028",
      year          = "2018",
      reportNumber  = "ATLAS-CONF-2018-028",
      url           = "https://cds.cern.ch/record/2628771",
}
@article{ABCD,
   title={Measurement of the isolated diphoton cross section in pp collisions at s=7 TeV with the ATLAS detector},
   volume={85},
   ISSN={1550-2368},
   url={http://dx.doi.org/10.1103/PhysRevD.85.012003},
   DOI={10.1103/physrevd.85.012003},
   number={1},
   journal={Physical Review D},
   publisher={American Physical Society (APS)},
   author={Aad, G. and Abbott, B. and Abdallah, J. and Abdelalim, A. A. and Abdesselam, A. and Abdinov, O. and Abi, B. and Abolins, M. and Abramowicz, H. and Abreu, H. and et al.},
   year={2012}
}

@article{PES,
   title={
Electron and photon performance measurements with the ATLAS detector using the 2015-2017 LHC proton-proton collision data},
   volume={14},
   ISSN={1748-0221},
   url={http://dx.doi.org/10.1088/1748-0221/14/12/P12006},
   DOI={10.1088/1748-0221/14/12/P12006},
   number={1},
   journal={JINST},
   author={ATLAS Collaboration},
   year={2019}
}
@article{CERN_yellow,
    author = "de Florian, D. and others",
    collaboration = "LHC Higgs Cross Section Working Group",
    title = "{Handbook of LHC Higgs Cross Sections: 4. Deciphering the Nature of the Higgs Sector}",
    eprint = "1610.07922",
    archivePrefix = "arXiv",
    primaryClass = "hep-ph",
    reportNumber = "CERN-2017-002-M, CERN-2017-002",
    doi = "10.23731/CYRM-2017-002",
    volume = "2/2017",
    year = "2016"
}

@article{CL_s,
   title={ Presentation of search results: the CLs technique},
   volume={28},
   url={http://dx.doi.org/10.1088/0954-3899/28/10/313},
   journal={JINST},
   author={A. L. Read},
   year={2002}
}
@article{Higgs_80ifb,
      author        = "ATLAS Collaboration",
      title         = "{Combined measurements of Higgs boson production and decay
                       using up to 80 fb of proton-proton collision data
                       at s = 13 TeV  collected with the ATLAS
                       experiment}",
      journal       = "Phys. Rev. D",
      collaboration = "ATLAS Collaboration",
      number        = "arXiv:1909.02845",
      volume        = "101",
      pages         = "012002. 48 p",
      year          = "2019",
      reportNumber  = "arXiv:1909.02845",
      url           = "https://cds.cern.ch/record/2688596",
      note          = "81 pages in total, author list starting page 65, 21
                       figures, 12
  tables. All figures including auxiliary
                       figures are available at
                       https://atlas.web.cern.ch/Atlas/GROUPS/PHYSICS/PAPERS/HIGG-2018-57",
      doi           = "10.1103/PhysRevD.101.012002",
}

@article{GPR,
  author  = {Fabian Pedregosa and al.},
  title   = {Scikit-learn: Machine Learning in Python},
  journal = {Journal of Machine Learning Research},
  year    = {2011},
  volume  = {12},
  number  = {85},
  pages   = {2825-2830},
  url     = {http://jmlr.org/papers/v12/pedregosa11a.html}
}
@article{CMS_yybb,
        author = "CMS Collaboration",
      title         = "{Search for non-resonant Higgs boson pair production in
                       final states with two bottom quarks and two photons in
                       proton-proton collisions at $\sqrt{s} = $ 13 TeV}",
      journal       = "JHEP",
      collaboration = "CMS Collaboration",
      archivePrefix = "arXiv",
      eprint        = "2011.12373",
      reportNumber  = "CMS-HIG-19-018, CERN-EP-2020-222, CMS-HIG-19-018-003",
      volume        = "2103",
      pages         = "257. 57 p",
      month         = "Nov",
      year          = "2020",
      url           = "https://cds.cern.ch/record/2745738",
      note          = "Submitted to JHEP. All figures and tables can be found at http://cms-results.web.cern.ch/cms-results/public-results/publications/HIG-19-018 (CMS Public Pages)",
      doi           = "10.1007/JHEP03(2021)257",
}
@misc{CMS_BSM,
      title={On the reinterpretation of non-resonant searches for Higgs boson pairs}, 
      author={Alexandra Carvalho and Florian Goertz and Ken Mimasu and Maxime Gouzevitch and Anamika Aggarwal},
      year={2017},
      eprint={1710.08261},
      archivePrefix={arXiv},
      primaryClass={hep-ph}
}

@techreport{yybb_139,
      title         = "{Search for Higgs boson pair production in the two bottom
                       quarks plus two photons final state in $pp$ collisions at
                       $\sqrt{s}=13$ TeV with the ATLAS detector}",
      institution   = "CERN",
      collaboration = "ATLAS Collaboration",
      address       = "Geneva",
      reportNumber  = "ATLAS-CONF-2021-016",
      month         = "Mar",
      year          = "2021",
      url           = "http://cds.cern.ch/record/2759683",
      note          = "All figures including auxiliary figures are available at
                       https://atlas.web.cern.ch/Atlas/GROUPS/PHYSICS/CONFNOTES/ATLAS-CONF-2021-016",
}